@book{ScalesReport,
  title     = {A Science-based Case for Large-scale Simulation},
  editor    = {D. E. Keyes},
  publisher = {U.S. Department of Energy},
  year      = {2004},
  url       = {http://www.pnl.gov/scales}
}



@book{brandt1994multigrid,
  title= {Multigrid Solvers on Decomposed Domains},
  author={Brandt, Achi and Diskin, Boris},
  volume={157},
  year={1994},
  publisher={Contemporary Mathematics}
}

@inproceedings{Membound,
  title={Memory Bound vs. Compute Bound: A Quantitative Study of Cache and Memory Bandwidth in High Performance Applications},
  author={Alex Hutcheson and Vincent Natoli},
  year={2011}
}


@book{brandt2011multigrid,
  title= {Multigrid techniques: 1984 guide with applications to fluid dynamics},
  author={Brandt, Achi and Livne, Oren E},
  volume={67},
  year={2011},
  publisher={SIAM}
}

@article{doi,
author = {Björn Gmeiner and Ulrich Rüde and Holger Stengel and Christian Waluga and Barbara Wohlmuth},
title = {Performance and Scalability of Hierarchical Hybrid Multigrid Solvers for Stokes Systems},
journal = {SIAM Journal on Scientific Computing},
volume = {37},
number = {2},
pages = {C143-C168},
year = {2015},
doi = {10.1137/130941353},
}

@inproceedings {id716,
  author = {M. Mohr},
  booktitle = {Proceedings of Euro-Par 2000: Parallel Processing},
  editor = {A. Bode and T. Ludwig and W. Karl and R. Wism{\"u}ller},
  pages = {806{--}814},
  publisher = {Springer},
  series = {Lecture Notes in Computer Science},
  title = {{Low Communication Parallel Multigrid: A Fine Level Approach}},
  volume = {1900},
  year = {2000},
  language = {en},
}

@article {paper1, 
  title   = {Segmental Refinement: A Multigrid Technique For Data Locality},
  author  = {Mark F. Adams and Jed Brown and Matt Knepley and Ravi Samtaney},
  journal = {SIAM Journal on Scientific Computing},
  volume  = {38},
  number  = {4},
  pages   = {C426--C440},
  year    = {2016},
}

@article {paper2,
title = {Interior Estimates for Elliptic Systems of
Partial Differential Equations},
author = {Avron Douglis and Louis Nirenberg},
journal = {Communications on Pure and Applied Mathematics},
Volume = {8},
pages = {503-538},
year = {1955},
}

@article {earlymulti,
title = {Multigrid Methods for Variational Problems},
author = {S. F. McCormick and J. W. Ruge},
journal = {SIAM Journal on Numerical Analysis},
Volume = { 19(5)},
pages = {924–929},
url = {http://dx.doi.org/10.1137/0719067},
doi = {10.1137/0719067},
year = { 1982},
}

@article {parallelcomm,
author = {De Sterck, Hans and Falgout, Robert D. and Nolting, Joshua W. and Yang, Ulrike Meier},
title = {Distance-two interpolation for parallel algebraic multigrid},
journal = {Numerical Linear Algebra with Applications},
volume = {15},
number = {2-3},
publisher = {John Wiley & Sons, Ltd.},
issn = {1099-1506},
url = {http://dx.doi.org/10.1002/nla.559},
doi = {10.1002/nla.559},
pages = {115--139},
keywords = {algebraic multigrid, long-range interpolation, parallel implementation, reduced complexity, truncation},
year = {2008}
}


@article {brandtdiskin,
title = {Multigrid Solvers on Decomposed Domains},
author = {Achi Brandt and Boris Diskin},
journal = {Contemporary Mathematics},
Volume = {157},
year = {1994}
}

@book{Weiss,
author = {Pieter Wesseling}, 
year = {1992}, 
title = {An Introduction to Multigrid Methods},
isbn = {ISBN 0-471-93083-0.},
publisher = {Wiley}
}

@book{Boyd,
author = {John P. Boyd}, 
year = {1989}, 
title = {Chebyshev and Fourier Spectral Methods},
isbn = {ISBN 978-0486411835.},
publisher = {Dover Publications},
note = {p. 112}
}

@book{Jackson1962,
author = {John David Jackson}, 
year = {1962}, 
title = {Classical Electrodynamics},
isbn = {0471431311},
publisher = {John Wiley \& Sons, Inc}
}

@article{parallel,
  author  = {S.D. Sherlekar},
  title   = {Parallel Computing Goes Mainstream},
  journal = {Contemporary Computing},
  volume  = {306}, 
  doi     = {10.1007/978-3-642-32129-0_4},
  year    = {2012},
}

@article{blackholes,
  author  = {Geoffrey Lovelace and Yanbei Chen and Michael Cohen and Jeffrey D. Kaplan and Drew Keppel and Keith D. Matthews and David A. Nichols and Mark A. Scheel and Ulrich Sperhake},
  title   = {Momentum flow in black-hole binaries: II. Numerical simulations of equal-mass, head-on mergers with antiparallel spins},
  journal = {Physical Review D},
  volume  = {82},
  number  = {6},
  pages   = {064031},
  doi     = {10.1103/PhysRevD.82.064031},
  url     = {https://arxiv.org/abs/0907.0869v1},
  year    = {2010},
}

@misc{poissonunique,
  author        = {Richard Fitzpatrick},
  title         = {Classical Electromagnetism},
  month         = {February},
  year          = {2006},
  publisher={University of Texas - Austin}
}